<?xml version="1.0" encoding="UTF-8"?><collection xmlns="http://www.loc.gov/MARC21/slim"><record><leader>00557nam--2200181-i-4500</leader><controlfield tag="001">000033421</controlfield><controlfield tag="002">20161230</controlfield><controlfield tag="005">20161230201039</controlfield><controlfield tag="008">060222s1000------------r-----000-0-ger-d</controlfield><datafield ind1=" " ind2=" " tag="040"><subfield code="a">IFIN-HH</subfield></datafield><datafield ind1=" " ind2=" " tag="041"><subfield code="a">ger</subfield></datafield><datafield ind1=" " ind2=" " tag="080"><subfield code="a">539.126.34</subfield></datafield><datafield ind1="1" ind2=" " tag="100"><subfield code="a">Muhlemann, Peter</subfield></datafield><datafield ind1="1" ind2="0" tag="245"><subfield code="a">Koharente produktion von 3 und 5 pionen an atomkernen und absorption des instabilen pionsystems in kernmaterie</subfield><subfield code="b">Dissertation</subfield><subfield code="c">Peter muhlemann</subfield></datafield><datafield ind1=" " ind2=" " tag="260"><subfield code="a">Zurich</subfield><subfield code="b">Juris Druck + Verlag Zurich</subfield><subfield code="c">1972</subfield></datafield><datafield ind1=" " ind2=" " tag="300"><subfield code="a">70P</subfield></datafield><datafield ind1=" " ind2=" " tag="852"><subfield code="a">38563</subfield><subfield code="c">539.12</subfield></datafield><datafield ind1=" " ind2=" " tag="CAT"><subfield code="a">Sys</subfield><subfield code="c">20111123</subfield><subfield code="h">113338</subfield></datafield></record></collection>